%% some sample publications, replace with yours

@article{einstein1935can,
  title={Can quantum-mechanical description of physical reality be considered complete?},
  author={Einstein, Albert and Podolsky, Boris and Rosen, Nathan},
  journal={Physical review},
  volume={47},
  number={10},
  pages={777},
  year={1935},
  publisher={APS}
}

@article{bell1964einstein,
  title={On the einstein podolsky rosen paradox},
  author={Bell, John S},
  journal={Physics Physique Fizika},
  volume={1},
  number={3},
  pages={195},
  year={1964},
  publisher={APS}
}

@book{feynman2011feynman,
  title={The Feynman lectures on physics, Vol. I: The new millennium edition: mainly mechanics, radiation, and heat},
  author={Feynman, Richard P and Leighton, Robert B and Sands, Matthew},
  volume={1},
  year={2011},
  publisher={Basic books}
}

@inproceedings{le2014distributed,
  title={Distributed representations of sentences and documents},
  author={Le, Quoc and Mikolov, Tomas},
  booktitle={International conference on machine learning},
  pages={1188--1196},
  year={2014},
  organization={PMLR}
}
